@inbook{Durovic2021,
    author = {Mateja Durovic},
    language = {eng},
    title = {Digital Technologies and the Law of Obligations},
    year = {2021},
    url = {https://kclpure.kcl.ac.uk/portal/en/publications/what-are-smart-contracts-an-attempt-at-demystification},
    publisher = {Routledge},
    chapter = {What are smart contracts?},
    pages = {121--132},
}

@article{Szabo1997,
    title = {The idea of smart contracts},
    author = {Szabo, Nick},
    journal = {Nick Szabo’s papers and concise tutorials},
    volume = {6},
    number = {1},
    pages = {199},
    year = {1997},
    url = {https://www.fon.hum.uva.nl/rob/Courses/InformationInSpeech/CDROM/Literature/LOTwinterschool2006/szabo.best.vwh.net/idea.html},
}

@article{Buterin2014,
    author = {Vitalik Buterin},
    title = {Ethereum: A Next-Generation Smart Contract and Decentralized Application Platform},
    year = {2014},
    journal = {Ethereum Whitepaper},
    url = {https://blockchainlab.com/pdf/Ethereum_white_paper-a_next_generation_smart_contract_and_decentralized_application_platform-vitalik-buterin.pdf},
}

@article{MagazzeniEtAl2017,
    title = {Validation and verification of smart contracts: A research agenda},
    author = {Magazzeni, Daniele and McBurney, Peter and Nash, William},
    journal = {Computer},
    volume = {50},
    number = {9},
    pages = {50--57},
    year = {2017},
    publisher = {IEEE},
    url = {https://ieeexplore.ieee.org/abstract/document/8048663}
}

@article{UllahEtAl2023,
    title = {A conceptual framework for blockchain smart contract adoption to manage real estate deals in smart cities},
    author = {Ullah, Fahim and Al-Turjman, Fadi},
    journal = {Neural Computing and Applications},
    volume = {35},
    number = {7},
    pages = {5033--5054},
    year = {2023},
    publisher = {Springer},
    url = {https://link.springer.com/article/10.1007/s00521-021-05800-6#citeas},
}

@article{UzairEtAl2018,
    title = {The impact of blockchain technology on the real estate sector using smart contracts},
    author = {Uzair, Muhammad Mansab and Karim, Emadul and Sultan, Prof and Ahmed, Syed Sheeraz and others},
    year = {2018},
    journal = {Munich Personal RePEc Archive},
    url = {https://mpra.ub.uni-muenchen.de/89038/}
}

@INPROCEEDINGS{LaarabiEtAl2022,
    author = {Laarabi, Mohamed and Chegri, Badreeddine and Mohammadia, Abdelilah Maach and Lafriouni, Khaoula},
    booktitle = {2022 2nd International Conference on Innovative Research in Applied Science, Engineering and Technology (IRASET)}, 
    title={Smart Contracts Applications in Real Estate: A Systematic Mapping Study}, 
    year={2022},
    volume={},
    number={},
    pages={1-8},
    doi={10.1109/IRASET52964.2022.9737796},
    utl = {https://ieeexplore.ieee.org/abstract/document/9737796}
}

@article{Khatoon2020,
    Author = {Khatoon, Asma},
    Title = {A Blockchain-Based Smart Contract System for Healthcare Management},
    journal = {Electronics},
    volume = {9},
    year = {2020},
    number = {1},
    article-number = {94},
    url = {https://www.mdpi.com/2079-9292/9/1/94},
    ISSN = {2079-9292},
    doi = {10.3390/electronics9010094},
}

@article{Hauck2021, 
    author = {Hauck, Ronny}, 
    title = {Blockchain, Smart Contracts and Intellectual Property. Using distributed ledger technology to protect, license and enforce intellectual property rights}, 
    year = {2021}, 
    month = {May},
    volume = {1}, 
    url = {https://lida.hse.ru/article/view/12369}, 
    DOI = {10.17323/2713-2749.2021.1.17.41}, 
    number = {1}, 
    journal = {Legal Issues in the Digital Age}, 
    pages = {17-41} 
}

@article{DamianoEtAl2019,
    title = {A blockchain based approach for the definition of auditable access control systems},
    author = {Maesa, Damiano Di Francesco and Mori, Paolo and Ricci, Laura},
    journal = {Computers \& Security},
    volume = {84},
    pages = {93--119},
    year = {2019},
    publisher = {Elsevier},
    url = {https://www.sciencedirect.com/science/article/pii/S0167404818309398}
}

@INPROCEEDINGS{GilcrestEtAl2018,
    author = {Gilcrest, Jack and Carvalho, Arthur},
    booktitle = {2018 IEEE International Conference on Big Data (Big Data)}, 
    title = {Smart Contracts: Legal Considerations}, 
    year = {2018},
    pages = {3277-3281},
    doi = {10.1109/BigData.2018.8622584},
    url = {https://ieeexplore.ieee.org/abstract/document/8622584}
}

@phdthesis{Scherer2017, 
    author = {Scherer, Mattias}, 
    title = {Performance and Scalability of Blockchain Networks and Smart Contracts}, 
    school = {UMEA UNIVERSITY},
    url = {https://urn.kb.se/resolve?urn=urn:nbn:se:umu:diva-136470}, 
    year = {2017} 
}

@incollection{AllenEtAl2022,
    author = {Allen, Jason and Hunn, Peter},
    address = {United Kingdom},
    booktitle = {Smart Legal Contracts},
    isbn = {9780192858467},
    language = {eng},
    publisher = {Oxford University Press, Incorporated},
    title = {Not Up to the Job: Why Smart Contracts are Unsuitable for Employment},
    year = {2022},
    url = {}
}

@inproceedings{lallaiETAL2020software,
    title = {Software Engineering for DApp Smart Contracts Managing Workers Contracts.},
    author = {Lallai, Giorgia and Pinna, Andrea and Marchesi, Michele and Tonelli, Roberto},
    booktitle = {DLT@ ITASEC},
    year = {2020},
    url = {https://ceur-ws.org/Vol-2580/DLT_2020_paper_8.pdf}
}

@misc{Ghimire2020,
    author = {Ghimire, Devndra},
    title = {Comparative study on Python web frameworks: Flask and Django},
    year = {2020},
    url = {http://www.theseus.fi/handle/10024/339796},
}

@book{ChanEtAl2019,
    title = {Python API Development Fundamentals: Develop a full-stack web application with Python and Flask},
    author = {Chan, Jack and Chung, Ray and Huang, Jack},
    year = {2019},
    publisher = {Packt Publishing Ltd},
    url = {https://books.google.co.uk/books?hl=en&lr=&id=lhnADwAAQBAJ&oi=fnd&pg=PP1&dq=flask+python&ots=Jx_CgxIG5l&sig=eO19f0NNM44LvF9iL5KIqXWQMm4}
}

@book{Boduch2017,
    title = {React and react native},
    author = {Boduch, Adam},
    year = {2017},
    publisher = {Packt Publishing Ltd},
    url = {https://books.google.co.uk/books?hl=en&lr=&id=jLkrDwAAQBAJ&oi=fnd&pg=PP1&dq=react+native+&ots=m3YoLrm-H5&sig=yLj_QjG7elVv1OfAP_L2hn3hGxc}
}

@book{MasielloEtAl2017,
    author = {Masiello, Eric and Friedmann, Jacob},
    title = {Mastering React Native : Leverage Frontend Development Skills to Build Impressive IOS and Android Applications with React Native},
    publisher = {Birmingham: Packt Publishing, Limited},
    year = {2017},
    url = {https://ebookcentral.proquest.com/lib/kcl/detail.action?docID=4787004},
}

@book{HillarEtAl2018,
    author = {Hillar, Gastón C},
    address = {Birmingham},
    booktitle = {Django RESTful web services},
    edition = {1st edition.},
    isbn = {9781788835572},
    language = {eng},
    publisher = {PACKT Publishing},
    title = {Django RESTful web services: the easiest way to build Python RESTful APIs and web services with Django},
    year = {2018},
    url = {https://ebookcentral.proquest.com/lib/kcl/detail.action?docID=5254606},
}

@inproceedings{MohantaEtAl2018,
    author={Mohanta, Bhabendu Kumar and Panda, Soumyashree S and Jena, Debasish},
    booktitle={2018 9th International Conference on Computing, Communication and Networking   Technologies (ICCCNT)}, 
    title={An Overview of Smart Contract and Use Cases in Blockchain Technology}, 
    year={2018},
    volume={},
    number={},
    pages={1-4},
    url = {https://ieeexplore.ieee.org/abstract/document/8494045}
}

@phdthesis{Law2017,
    author = {Law, Angwei},
    title = {Smart contracts and their application in supply chain management},
    school = {MIT},
    year = {2017},
    url = {https://dspace.mit.edu/handle/1721.1/114082},
    uri= {http://hdl.handle.net/1721.1/114082}
}

@article{SchmittEtAl2019,
    title = {Smart Contracts and Internet of Things: A Qualitative Content Analysis using the Technology-Organization-Environment Framework to Identify Key-Determinants},
    journal = {Procedia Computer Science},
    volume = {160},
    pages = {189-196},
    year = {2019},
    note = {The 10th International Conference on Emerging Ubiquitous Systems and Pervasive Networks (EUSPN-2019) / The 9th International Conference on Current and Future Trends of Information and Communication Technologies in Healthcare (ICTH-2019) / Affiliated Workshops},
    issn = {1877-0509},
    doi = {https://doi.org/10.1016/j.procs.2019.09.460},
    url = {https://www.sciencedirect.com/science/article/pii/S1877050919316758},
    author = {Gregor Schmitt and Andreas Mladenow and Christine Strauss and Michaela Schaffhauser-Linzatti},
}

@article{Smith2020,
    author = {Smith, Sean S.},
    year = {2020},
    month = {Jan 2020},
    title = {Blockchain, Smart Contracts and Financial Audit Implications},
    journal = {IUP Journal of Accounting Research and Audit Practices},
    volume = {19},
    number = {1},
    pages = {7-17},
    note = {Copyright - Copyright IUP Publications Jan 2020; Last updated - 2023-11-25},
    url = {https://www.proquest.com/scholarly-journals/blockchain-smart-contracts-financial-audit/docview/2371363738/se-2},
}

@article{AlmahirahEtAl2021,
    author = {Zaid Almahirah, Mohammad Salameh},
    title = {The Effect of Smart Blockchain Contracts on the Financial Services Industry in the Banking Sector in Jordan.},
    journal = {Ilkogretim Online},
    volume= {20},
    issue = {5},
    year = {2021},
    url = {https://openurl.ebsco.com/EPDB%3Agcd%3A2%3A448162/detailv2?sid=ebsco%3Aplink%3Ascholar&id=ebsco%3Agcd%3A150195411&crl=c}
}

@article{ZhengEtAl2020,
    title = {An overview on smart contracts: Challenges, advances and platforms},
    journal = {Future Generation Computer Systems},
    volume = {105},
    pages = {475-491},
    year = {2020},
    issn = {0167-739X},
    doi = {https://doi.org/10.1016/j.future.2019.12.019},
    url = {https://www.sciencedirect.com/science/article/pii/S0167739X19316280},
    author = {Zibin Zheng and Shaoan Xie and Hong-Ning Dai and Weili Chen and Xiangping Chen and Jian Weng and Muhammad Imran}
}

@article{Mik2017,
    author = {Eliza Mik},
    title = {Smart contracts: terminology, technical limitations and real world complexity},
    journal = {Law, Innovation and Technology},
    volume = {9},
    number = {2},
    pages = {269--300},
    year = {2017},
    publisher = {Routledge},
    doi = {10.1080/17579961.2017.1378468},
    URL = {https://doi.org/10.1080/17579961.2017.1378468},
    eprint = {https://doi.org/10.1080/17579961.2017.1378468}
}

@article{KaiEtAl2021,
    author= {Peng, Kai and Li, Meijun and Huang, Haojun and Wang, Chen and Wan, Shaohua and Choo, Kim-Kwang Raymond},
    journal = {IEEE Internet of Things Journal}, 
    title= {Security Challenges and Opportunities for Smart Contracts in Internet of Things: A Survey}, 
    year= {2021},
    volume = {8},
    number = {15},
    pages = {12004-12020}, 
    doi = {10.1109/JIOT.2021.3074544},
    url = {https://ieeexplore.ieee.org/abstract/document/9409120?casa_token=au16BGHclikAAAAA:EI91Ym5Mc3ZixoPMWgdL-WpnN5uyryv3E63rvUVpO7kkaMFnOZxbNF4xY-tgv5fMA3W6lA}
}


@article{ZhouEtAl2022,
    author = {Zhou, Haozhe and Milani Fard, Amin and Makanju, Adetokunbo},
    title = {The State of Ethereum Smart Contracts Security: Vulnerabilities, Countermeasures, and Tool Support},
    journal = {Journal of Cybersecurity and Privacy},
    volume = {2},
    year = {2022},
    number = {2},
    pages = {358--378},
    url = {https://www.mdpi.com/2624-800X/2/2/19},
    issn = {2624-800X},
    doi = {10.3390/jcp2020019}
}

@article{KushwahaEtAl2022,
    author= {Kushwaha, Satpal Singh and Joshi, Sandeep and Singh, Dilbag and Kaur, Manjit and Lee, Heung-No},
    journal = {IEEE Access}, 
    title = {Ethereum Smart Contract Analysis Tools: A Systematic Review}, 
    year = {2022},
    volume = {10},
    number = {},
    pages = {57037-57062},
    doi = {10.1109/ACCESS.2022.3169902},
    url = {https://ieeexplore.ieee.org/abstract/document/9762279}
}

@book{ZandEtAl2021,
    title = {Hands-On Smart Contract Development with Hyperledger Fabric V2},
    author = {Zand, M. and Wu, X. and Morris, M.A.},
    isbn = {9781492086093},
    url = {https://books.google.co.uk/books?id=njhCEAAAQBAJ},
    year = {2021},
    publisher = {O'Reilly Media},
    url = {https://books.google.co.uk/books?id=njhCEAAAQBAJ&dq=Hyperledger+Fabric+Smart+Contracts&lr=&source=gbs_navlinks_s}
}

@Inbook{Elrom2019,
    author = "Elrom, Elad",
    title = "EOS.IO Wallets and Smart Contracts",
    bookTitle = "The Blockchain Developer: A Practical Guide for Designing, Implementing, Publishing, Testing, and Securing Distributed Blockchain-based Projects",
    year = "2019",
    publisher = "Apress",
    address = "Berkeley, CA",
    pages = "213--256",
    isbn = "978-1-4842-4847-8",
    doi = "10.1007/978-1-4842-4847-8_6",
    url = "https://doi.org/10.1007/978-1-4842-4847-8_6"
}

@misc{BartolettiEtAl2024,
    title = {Smart Contract Languages: a comparative analysis}, 
    author = {Massimo Bartoletti and Lorenzo Benetollo and Michele Bugliesi and Silvia Crafa and Giacomo Dal Sasso and Roberto Pettinau and Andrea Pinna and Mattia Piras and Sabina Rossi and Stefano Salis and Alvise Spanò and Viacheslav Tkachenko and Roberto Tonelli and Roberto Zunino},
    year = {2024},
    eprint = {2404.04129},
    archivePrefix = {arXiv},
    primaryClass = {cs.CR},
    url = {https://arxiv.org/abs/2404.04129}
}

@article{OrozcoEtAl2022,
    author = {Orozco,Walter and Orozco,Jaime and Moreira,Julio O. and Villarroel,Mercedes},
    year = {2022},
    title = {Model for the elaboration of Smart Contracts using the Cardano network},
    journal = {NeuroQuantology},
    volume = {20},
    number = {13},
    pages = {2548-2554},
    note = {Copyright - Copyright NeuroQuantology 2022; Last updated - 2024-06-12},
    url={https://www.proquest.com/scholarly-journals/model-elaboration-smart-contracts-using-cardano/docview/2901729161/se-2},
}

@article{NishidaEtAl20,
    author = {Yuki Nishida and Hiromasa Saito and Ran Chen and Akira Kawata and Kohei Suenaga and Atsushi Igarashi},
    title = {HELMHOLTZ: A Verifier for Tezos Smart Contracts Based on Refinement Types.},
    journal = {New Gener. Comput.},
    volume = {40},
    pages = {507–540},
    year = {2022},
    doi = {https://doi.org/10.1007/s00354-022-00167-1},
    url = {https://link.springer.com/article/10.1007/s00354-022-00167-1#citeas}
}

@article{MokdadEtAl2022,
    title = {Empirical Evaluation of Blockchain Smart Contracts: Ethereum, EOSIO, and Stellar as Examples},
    author = {Mokdad, Imane and Hewahi, Nabil M},
    journal = {Journal of Blockchain Research},
    year = {2022},
    url = {https://www.researchgate.net/profile/Nabil-Hewahi/publication/339248221_Empirical_Evaluation_of_Blockchain_Smart_Contracts/links/5ee36a9a92851ce9e7dcd6c1/Empirical-Evaluation-of-Blockchain-Smart-Contracts.pdf}
}

@article{DelgadoSeguraEtAl2018,
    author = {Sergi Delgado-Segura and Cristina Pérez-Solà and Jordi Herrera-Joancomartí and Guillermo Navarro-Arribas and Joan Borrell},
    title = {Cryptocurrency Networks: A New P2P Paradigm},
    journal = {Mobile Information Systems},
    year = {2018},
    doi = {https://doi.org/10.1155/2018/2159082Citations},
    url = {https://onlinelibrary.wiley.com/doi/full/10.1155/2018/2159082}
}

@article{CongEtAl2023,
    title = {Tax-loss harvesting with cryptocurrencies},
    journal = {Journal of Accounting and Economics},
    volume = {76},
    number = {2},
    pages = {101607},
    year = {2023},
    issn = {0165-4101},
    doi = {https://doi.org/10.1016/j.jacceco.2023.101607},
    url = {https://www.sciencedirect.com/science/article/pii/S0165410123000319},
    author = {Lin William Cong and Wayne Landsman and Edward Maydew and Daniel Rabetti},
}


@article{AlqarniEtAl2023,
    author = {Alqarni, Mohammed Ali and Alkatheiri, Mohammed Saeed and Chauhdary, Sajjad Hussain and Saleem, Sajid},
    title = {Use of Blockchain-Based Smart Contracts in Logistics and Supply Chains},
    journal = {Electronics},
    volume = {12},
    year = {2023},
    number = {6},
    article-number = {1340},
    issn = {2079-9292},
    doi = {10.3390/electronics12061340},
    url = {https://www.mdpi.com/2079-9292/12/6/1340}
}

@book{BarberisEtAl2019,
    author = {Barberis, Janos and Arner, Douglas W and Buckley, Ross P},
    title = {RegTech: Tackling Regulation with Innovation},
    year = {2019},
    isbn = {1-119-36214-8},
    doi = {https://doi.org/10.1002/9781119362197.ch5},
    publisher={Wiley Online Library},
    url = {https://onlinelibrary.wiley.com/doi/abs/10.1002/9781119362197.ch5}
}

@article{ChikovEtAl2023,
    author = {I.A.Chikov and S.V.Koliadenko and V.A.Supryhan and O. I.Tabenska and V.S.Nitsenko and O.V.Holinko},
    title = {Smart Contracts and Business Process Automation: the Technical Aspect},
    journal = {Naukovyi Visnyk},
    year = {2023},
    url = {http://socrates.vsau.org/b04213/html/cards/getfile.php/34817.pdf}
}

@inbook{Borselli2020,
    author = {Borselli, Angelo and Marano, Pierpaolo and Noussia, Kyriaki},
    title = {Smart Contracts in Insurance: A Law and Futurology Perspective},
    bookTitle = {InsurTech: A Legal and Regulatory View},
    year = {2020},
    publisher = {Springer International Publishing},
    address = {Cham},
    pages = {101--125},
    isbn = {978-3-030-27386-6},
    doi = {10.1007/978-3-030-27386-6_5},
    url = {https://doi.org/10.1007/978-3-030-27386-6_5}
}

@article{SolaimanEtAl2021,
    author = {Solaiman, Ellis and Wike, Todd and Sfyrakis, Ioannis},
    title = {Implementation and evaluation of smart contracts using a hybrid on- and off-blockchain architecture},
    journal = {Concurrency and Computation: Practice and Experience},
    volume = {33},
    number = {1},
    pages = {e5811},
    keywords = {blockchain, hybrid, off-chain, on-chain, performance evaluation, smart contracts},
    doi = {https://doi.org/10.1002/cpe.5811},
    url = {https://onlinelibrary.wiley.com/doi/abs/10.1002/cpe.5811},
    eprint = {https://onlinelibrary.wiley.com/doi/pdf/10.1002/cpe.5811},
    year = {2021}
}

@inproceedings{WangEtAl2020,
    author = {Wang, Yanhua and Liu, Heming and Wang, Jianhua and Wang, Shunye},
    booktitle = {2020 IEEE 9th Joint International Information Technology and Artificial Intelligence Conference (ITAIC)}, 
    title = {Efficient Data Interaction of Blockchain Smart Contract with Oracle Mechanism}, 
    year = {2020},
    volume = {9},
    number = {},
    pages = {1000-1003},
    doi = {10.1109/ITAIC49862.2020.9338784},
    url = {https://ieeexplore.ieee.org/abstract/document/9338784?casa_token=IjOPIBoiFsgAAAAA:dxIRPMLxpZ4PreemLpf3b95YJtWmEAKxUzrN2xyFubyhhYInn6T1tZ2GYx36JEwBFyAoKA}    
}

@inproceedings{BadruddojaEtAl2021,
    author = {Badruddoja, Syed and Dantu, Ram and He, Yanyan and Upadhayay, Kritagya and Thompson, Mark},
    booktitle = {2021 IEEE International Conference on Blockchain and Cryptocurrency (ICBC)}, 
    title = {Making Smart Contracts Smarter}, 
    year = {2021},
    volume = {},
    number = {},
    pages = {1-3},
    doi={10.1109/ICBC51069.2021.9461148},
    url = {https://ieeexplore.ieee.org/stamp/stamp.jsp?tp=&arnumber=9461148},
    url2 = {https://ieeexplore.ieee.org/abstract/document/9461148?casa_token=8s9SBLAbmvkAAAAA:J27KkqRNQMaeWHRoSr_WMbwwr6hC3CoH2iKw2iqoi7c-TqygV7eBaQwQCDPT6KRRXWOhAQ}
}

@article{Ferreira2021,
    title = {Regulating smart contracts: Legal revolution or simply evolution?},
    journal = {Telecommunications Policy},
    volume = {45},
    number = {2},
    pages = {102081},
    year = {2021},
    issn = {0308-5961},
    doi = {https://doi.org/10.1016/j.telpol.2020.102081},
    url = {https://www.sciencedirect.com/science/article/pii/S0308596120301713},
    author = {Agata Ferreira}
}

@article{TurnerMcGrievyEtAl2016,
    author = {Turner-McGrievy, Gabrielle M. and Hales, Sarah B. and Schoffman, Danielle E. and Valafar, Homay and Brazendale, Keith and Weaver, R. Glenn and Beets, Michael W. and Wirth, Michael D. and Shivappa, Nitin and Mandes, Trisha and Hébert, James R. and Wilcox, Sara and Hester, Andrew and McGrievy, Matthew J.},
    title = "{Choosing between responsive-design websites versus mobile apps for your mobile behavioral intervention: presenting four case studies}",
    journal = {Translational Behavioral Medicine},
    volume = {7},
    number = {2},
    pages = {224-232},
    year = {2016},
    month = {11},
    issn = {1869-6716},
    doi = {10.1007/s13142-016-0448-y},
    url = {https://doi.org/10.1007/s13142-016-0448-y},
    eprint = {https://academic.oup.com/tbm/article-pdf/7/2/224/22067350/13142\_2016\_article\_448.pdf},
}

@article{TupikovskajaOmovieEtAl2015,
    author = {Tupikovskaja-Omovie, Zofija and Tyler, David and Dhanapala, Sam and Hayes, Steve},
    title = {Mobile App versus Website: A Comparative Eye-Tracking Case Study of Topshop},
    journal = {International Journal of Social, Behavioral, Educational, Economic, Business and Industrial Engineering},
    year = {2015},
    volume = {9},
    number = {10},
    url = {https://e-space.mmu.ac.uk/597116/}
}

@article{AlmarashdehEtAL2019,
    title={The Difference Between Shopping Online Using Mobile Apps and Website Shopping: A Case Study of Service Convenience }, 
    volume={11}, 
    url={https://cspub-ijcisim.org/index.php/ijcisim/article/view/434}, 
    journal={International Journal of Computer Information Systems and Industrial Management Applications},
    author={Ibrahim Almarashdeh and Ghaith Jaradat and Anmar Abuhamdah and Mutasem Alsmadi and Malik B Alazzam}, 
    year={2019},
    pages={10},
    url = {https://cspub-ijcisim.org/index.php/ijcisim/article/view/434}
}

@misc{Warcholinski2024,
    author = {Matt Warcholinski},
    title = {Web App vs Mobile App – Differences + Which to Develop First [2024]},
    url = {https://brainhub.eu/library/app-vs-website-which-to-develop-first},
    note = {Accessed: 2024-02-11}
}

@inproceedings{JiangEtAl2023,
    author = {Jiang, Wenxin and Synovic, Nicholas and Hyatt, Matt and Schorlemmer, Taylor R. and Sethi, Rohan and Lu, Yung-Hsiang and Thiruvathukal, George K. and Davis, James C.},
    booktitle = {2023 IEEE/ACM 45th International Conference on Software Engineering (ICSE)}, 
    title = {An Empirical Study of Pre-Trained Model Reuse in the Hugging Face Deep Learning Model Registry}, 
    year = {2023},
    pages = {2463-2475},
    doi={10.1109/ICSE48619.2023.00206},
    url = {https://ieeexplore.ieee.org/abstract/document/10172757}
}

@article{LucianoEtAl2020,
    author = {Floridi, Luciano and Chiriatti, Massimo},
    title = {GPT-3: Its Nature, Scope, Limits, and Consequences},
    journal = {Minds and Machines},
    pages = {681–694},
    number = {4},
    volume = {30},
    isbn = {1572-8641},
    url = {https://doi.org/10.1007/s11023-020-09548-1},
    doi = {10.1007/s11023-020-09548-1},
    year = {2020},
}

@book{WorsleyEtAl2002,
    title = {Practical PostgreSQL},
    author = {Worsley, John and Drake, Joshua D},
    year = {2002},
    publisher = {" O'Reilly Media, Inc."},
    url = {https://books.google.co.uk/books?hl=en&lr=&id=G8dh95j5NgcC&oi=fnd&pg=PR4&dq=postgresql&ots=8U35MQITi7&sig=4l4iiXwyr_5utNYDg8wyndeGVMU#v=onepage&q=postgresql&f=false}
}

@book{DouglasEtAl2003,
    title = {PostgreSQL: a comprehensive guide to building, programming, and administering PostgresSQL databases},
    author = {Douglas, Korry and Douglas, Susan},
    year = {2003},
    publisher = {SAMS publishing},
    url = {https://books.google.co.uk/books?hl=en&lr=&id=gkQVL9pyFVYC&oi=fnd&pg=PA1&dq=postgresql&ots=EasgWRNvlZ&sig=LPMDXaxPLAnGpdtvpvzKdjbfAXM#v=onepage&q=postgresql&f=false}
}

@book{JubaEtAl2015,
    title = {Learning PostgreSQL},
    author = {Juba, Salahaldin and Vannahme, Achim and Volkov, Andrey},
    year = {2015},
    publisher = {Packt Publishing Ltd},
    url = {https://books.google.co.uk/books?hl=en&lr=&id=jfKoCwAAQBAJ&oi=fnd&pg=PP1&dq=postgresql&ots=n3F5rgp-PP&sig=zMz6CziTd_V_H0Q1PrsQ04K2Qzs#v=onepage&q=postgresql&f=false}
}

@article{TruskowskiEtAl2020,
    title = {Comparison of MySQL, MSSQL, PostgreSQL, Oracle databases performance, including virtualization},
    author = {Truskowski, Wojciech and Klewek, Rafa{\l} and Skublewska-Paszkowska, Maria},
    journal = {Journal of Computer Sciences Institute},
    volume = {16},
    pages = {279--284},
    year = {2020},
    url = {https://ph.pollub.pl/index.php/jcsi/article/view/2026}
}

@article{FotacheEtAl2013,
    title = {NoSQL and SQL Databases for Mobile Applications. Case Study: MongoDB versus PostgreSQL},
    author = {Fotache, Marin and Cogean, Dragos},
    journal = {Informatica Economica},
    volume = {17},
    number = {2},
    year = {2013},
    url = {https://www.researchgate.net/profile/Marin-Fotache/publication/274454559_NoSQL_and_SQL_Databases_for_Mobile_Applications_Case_Study_MongoDB_versus_PostgreSQL/links/57af6d0708ae0101f17753f9/NoSQL-and-SQL-Databases-for-Mobile-Applications-Case-Study-MongoDB-versus-PostgreSQL.pdf}
}

@article{LyonsEtAl2023,
    title = {What keeps stablecoins stable?},
    journal = {Journal of International Money and Finance},
    volume = {131},
    pages = {102777},
    year = {2023},
    issn = {0261-5606},
    doi = {https://doi.org/10.1016/j.jimonfin.2022.102777},
    url = {https://www.sciencedirect.com/science/article/pii/S0261560622001802},
    author = {Richard K. Lyons and Ganesh Viswanath-Natraj},
}

@article{VediaEtAl2023,
    title = {Stability in the Age of Cryptocurrencies: A Critical Review of Stablecoin Mechanisms and their Implications},
    author = {Vedia, Jorge Valle and Montanez, Samuel},
    journal = {Journal of Student Research},
    volume = {12},
    number = {4},
    year = {2023},
    url = {https://www.jsr.org/hs/index.php/path/article/view/5863}
}

@article{kasatkina2021,
    title = {The Interpretation of Smart Contracts in the EU and the USA},
    author = {Kasatkina, Marina},
    journal = {International Comparative Jurisprudence},
    volume = {7},
    number = {2},
    pages = {202--217},
    year = {2021},
    publisher = {Mykolas Romeris University},
    url = {https://www.ceeol.com/search/article-detail?id=1004629}
}

@misc{LegalAdvisoryKazakhstanLtd,
    author = {Legal Advisory Services in Kazakhstan Ltd.},
    key = {Smart Contracts are Not the Future, This is Our Present!},
    note = {Online Article},
    year = {2022},
    url = {https://welegal.kz/en/expert-advice/smart-contracts/}
}

@article{Goh2022,
    author = {Goh, G.},
    year = {2022},
    month = {12},
    pages = {32-70},
    title = {Smart contract disputes and public policy in the ASEAN+6 region},
    volume = {3},
    journal = {Digital Law Journal},
    doi = {10.38044/2686-9136-2022-3-4-32-70},
    url = {https://www.researchgate.net/publication/366971562_Smart_contract_disputes_and_public_policy_in_the_ASEAN6_region}
}

@misc{StackOverflowSafeAreaContextIssue2021,
    author = {Stack Overflow Community and Filip Račić and Zackify},
    title = {Testing a Component with react-native-safe-area-context},
    year = {2021},
    note = {StackOverflow Query},
    url = {https://stackoverflow.com/questions/69100283/problem-when-testing-a-component-with-react-native-safe-area-context}
}

@misc{GithubSafeAreaContextIssue2019,
    author = {Github Community and Sibelius and Janicduplessis},
    title = {How to Properly Mock This Package?},
    year = {2019},
    note = {GitHub Query},
    url = {https://github.com/th3rdwave/react-native-safe-area-context/issues/31}
}

@misc{StackOverFlowAnimatedViewWarning,
    author = {Github Community and React Native Community and Merovingian and Vimuth},
    title = {WARN Sending `onAnimatedValueUpdate` with no Listeners Registered},    
    year = {2023},
    note = {StackOverflow Query},
    url = {https://stackoverflow.com/questions/76012269/warn-sending-onanimatedvalueupdate-with-no-listeners-registered}
}

@misc{GithubAnimatedViewWarning,
    author = {Github Community and React Native Community and bryanltobing},
    title = {Sending onAnimatedValueUpdate with no listeners registered warning when swiping back using ios gesture. JS Stack Navigator},    
    year = {2023},
    url = {https://github.com/react-navigation/react-navigation/issues/11564}
}

@article{SusanEtAl1995,
    author = {M. Susan Taylor and Kay B. Tracy and Monika K. Renard and J. Kline Harrison and Stephen J. Carroll},
    journal = {Administrative Science Quarterly},
    number = {3},
    pages = {495--523},
    publisher = {Sage Publications, Inc., Johnson Graduate School of Management, Cornell University},
    title = {Due Process in Performance Appraisal: A Quasi-Experiment in Procedural Justice},
    urldate = {2024-07-21},
    volume = {40},
    year = {1995},
    ISSN = {00018392},
    URL = {http://www.jstor.org/stable/2393795}
}

@article{Wax1998,
    title = {Discrimination as accident},
    author = {Wax, Amy L},
    journal = {Ind. LJ},
    volume = {74},
    pages = {1129-1231},
    year = {1998},
    publisher = {HeinOnline},
    url = {https://heinonline.org/hol-cgi-bin/get_pdf.cgi?handle=hein.journals/indana74&section=45}
}

@article{Howson2023,
    title = {Unpaid labour and territorial extraction in digital value networks},
    author = {Howson, Kelle and Johnston, Hannah and Cole, Matthew and Ferrari, Fabian and Ustek-Spilda, Funda and Graham, Mark},
    journal = {Global Networks},
    volume = {23},
    number = {4},
    pages = {732--754},
    year = {2023},
    publisher = {Wiley Online Library},
    URL = {https://onlinelibrary.wiley.com/doi/abs/10.1111/glob.12407}
}

@article{Shevchuk2018,
    title = {Safeguards against opportunism in freelance contracting on the internet},
    author = {Shevchuk, Andrey and Strebkov, Denis},
    journal = {British Journal of Industrial Relations},
    volume = {56},
    number = {2},
    pages = {342--369},
    year = {2018},
    publisher = {Wiley Online Library},
    url = {https://onlinelibrary.wiley.com/doi/abs/10.1111/bjir.12283}
}

@article{Aleksynska2018,
    title = {Work on Digital Labour Platforms in Ukraine},
    author = {Mariya Aleksynska and Bastrakova, Anastasia and Kharchenko, Natalia},
    journal = {Kiev: International Labour Office},
    year = {2018},
    url = {https://www.kiis.com.ua/materials/pr/15082018_ILO_report/wcms_eng.pdf}
}

@article{McGauran2016,
    title={Profiting from dependency},
    author={McGauran, Katrin and de Haan, Esther and Scheele, Fleur and Winsemius, Francien},
    journal={Working conditions of Polish migrant workers in the Netherlands and the role of recruitment agencies, Somo-FairWork, Amsterdam},
    year={2016},
    url = {https://www.researchgate.net/profile/Esther-De-Haan/publication/346527947_Working_conditions_of_Polish_migrant_workers_in_the_Netherlands_and_the_role_of_recruitment_agencies_Profiting_from_dependency_Colophon_Profiting_from_dependency_Working_conditions_of_Polish_migrant_w/links/5fc63a21a6fdcce95269cafa/Working-conditions-of-Polish-migrant-workers-in-the-Netherlands-and-the-role-of-recruitment-agencies-Profiting-from-dependency-Colophon-Profiting-from-dependency-Working-conditions-of-Polish-migrant-w.pdf}
}

@techreport{GerstmayrEtAl2024,
    title = {Multibody Models Generated from Natural Language-Based Text},
    author = {Gerstmayr, Johannes and Manzl, Peter and Pieber, Michael},
    year = {2024},
    institution = {EasyChair},
    url = {https://easychair.org/publications/preprint_download/nZlP}
}

@article{Campesato2023,
    author = {Campesato, Oswald},
    title = {Transformers, BERT, and GPT: Including ChatGPT and Prompt Engineering},
    journal = {Mercury Learning and Information},
    year = {2023},
    url = {https://www.torrossa.com/gs/resourceProxy?an=5671522&publisher=FZO249}
}

@article{NarayananEtAl2023,
    title = {Tryage: Real-time, intelligent Routing of User Prompts to Large Language Models},
    author = {Narayanan Hari, Surya and Thomson, Matt},
    journal = {arXiv e-prints},
    pages = {arXiv--2308},
    year = {2023},
    url = {https://arxiv.org/abs/2308.11601}
}

@misc{ChatGPTFineTuning2024,
    title = {A Step-by-Step Guide to Custom Fine-Tuning with ChatGPT’s API using a Custom Dataset},
    author = {R2consulting},
    note = {Online Source},
    year = {2024},
    url = {https://medium.com/@r2consultingcloud/a-step-by-step-guide-to-custom-fine-tuning-with-chatgpts-api-using-a-custom-dataset-54dae6c055ce}
}

@article{LatifEtAl2024,
    title = {Fine-tuning ChatGPT for automatic scoring},
    author = {Ehsan Latif and Xiaoming Zhai},
    journal = {Computers and Education: Artificial Intelligence},
    volume = {6},
    pages = {100210},
    year = {2024},
    issn = {2666-920X},
    doi = {https://doi.org/10.1016/j.caeai.2024.100210},
    url = {https://www.sciencedirect.com/science/article/pii/S2666920X24000110},
}

@misc{OpenAIDocumentation2023,
    author = {OpenAI},
    title = {Fine-tuning},
    note = {OpenAI's Guideline on Fine-tuning},
    year = {2023},
    url = {https://platform.openai.com/docs/guides/fine-tuning}
}

@book{CopperwaiteEtAl2015,
    title = {Learning flask framework},
    author = {Copperwaite, Matt and Leifer, Charles},
    year = {2015},
    publisher = {Packt Publishing Ltd},
    url = {https://books.google.com/books?hl=en&lr=&id=HPGoCwAAQBAJ&oi=fnd&pg=PP1&dq=Flask&ots=A-_0fopH0Z&sig=H6pZbUg8gV6nOTeLz76nTACBEaQ}
}

@book{LaurentEtAl2008,
    title = {Learning Rails},
    author = {Laurent, Simon St and Dumbill, Edd},
    year = {2008},
    publisher = {O'Reilly Media, Inc.},
    url = {https://books.google.co.uk/books?hl=en&lr=&id=h7ThRRiEjX8C&oi=fnd&pg=PR5&dq=ruby+on+rails+learning&ots=bXy-t4FNM7&sig=W7uW_iIN7EjrfLM_AzS3uvBKhhE&redir_esc=y#v=onepage&q=ruby%20on%20rails%20learning&f=false}
}

@book{Mead2018,
    title = {Learning Node. js Development: Learn the fundamentals of Node. js, and deploy and test Node. js applications on the web},
    author = {Mead, Andrew},
    year = {2018},
    publisher = {Packt Publishing Ltd},
    url = {https://books.google.co.uk/books?hl=en&lr=&id=HSBKDwAAQBAJ&oi=fnd&pg=PP1&dq=Learning+Node+js&ots=AzoVWfDa7_&sig=gLkUKYkbdzw3YdWiyDddtHgRGEE&redir_esc=y#v=onepage&q=Learning%20Node%20js&f=false}
}

@book{Ragupathi2016,
    title = {Learning ASP. NET Core MVC Programming},
    author = {Ragupathi, Mugilan TS},
    year = {2016},
    publisher = {Packt Publishing Ltd},
    url = {https://books.google.com/books?hl=en&lr=&id=QqHcDgAAQBAJ&oi=fnd&pg=PP1&dq=Learning+ASP.+NET+Core+MVC+Programming&ots=vJ8qZiVg52&sig=EaFjwbMAmxLtCk4FrVf5kZYuBZ4}
}

@article{EliseevaEtAl2020,
    title = {Comparison of Web Frameworks on Python and Node. js Platforms},
    author = {Eliseeva, Ekaterina and Khafizov, Ilkhom and Gosudarev, Ilya},
    journal = {Science Index},
    year = {2020},
    url = {https://www.elibrary.ru/item.asp?id=45632424}
}

@article{Plekhanova2009,
    title = {Evaluating web development frameworks: Django, Ruby on Rails and CakePHP},
    author = {Plekhanova, Julia},
    journal = {Institute for Business and Information Technology},
    volume = {20},
    pages = {2009},
    year = {2009},
    url = {https://ibit.temple.edu/wp-content/uploads/2011/03/IBITWebframeworks.pdf}
}

@article{Mao2018,
    title = {Comparison between symfony, asp. net mvc, and node. js express for web development},
    author = {Mao, Xiaoli},
    year = {2018},
    journal = {North Dakota State University},
    url = {https://library.ndsu.edu/ir/handle/10365/28191}
}

@article{Wu2018,
    title = {React Native vs Flutter, Cross-platforms mobile application frameworks},
    author = {Wu, Wenhao},
    year = {2018},
    journal = {Metropolia Ammattikorkeakoulu},
    url = {https://www.theseus.fi/bitstream/handle/10024/146232/thesis.pdf}
}

@article{Jones2024,
    title = {What do we know about Hugging Face? A systematic literature review and quantitative validation of qualitative claims},
    author = {Jones, Jason and Jiang, Wenxin and Synovic, Nicholas and Thiruvathukal, George K and Davis, James C},
    journal = {arXiv preprint arXiv:2406.08205},
    year = {2024},
    url = {https://arxiv.org/abs/2406.08205}
}